@ARTICLE{HL2000,
  author = {Deguang Han and David R. Larson},
  title = { Frames, bases and group representations},
  journal = {Memoirs of the AMS },
  year = {2000},
  volume = {147},
  pages = {267-312}
}

@book{dai1998wandering,
  title={Wandering vectors for unitary systems and orthogonal wavelets},
  author={Dai, Xingde and Larson, David R},
  volume={640},
  year={1998},
  publisher={American Mathematical Soc.}
}

@article{ron1995frames,
  title={Frames and stable bases for shift-invariant subspaces of L2 (‚Ñùd)},
  author={Ron, Amos and Shen, Zuowei},
  journal={Canadian Journal of Mathematics},
  volume={47},
  number={5},
  pages={1051--1094},
  year={1995},
  publisher={Cambridge University Press}
}

@article{fan2016dual,
  title={Dual Gramian analysis: duality principle and unitary extension principle},
  author={Fan, Zhitao and Ji, Hui and Shen, Zuowei},
  journal={Mathematics of Computation},
  volume={85},
  number={297},
  pages={239--270},
  year={2016}
}

@ARTICLE{Fan2016,
  author = {Fan, Zhitao and Heinecke, Andreas and Shen, Zuowei},
  title = {Duality for Frames},
  journal = {Journal of Fourier Analysis and Applications},
  year = {2016},
  volume = {22},
  number = {1}, 
  pages = {71-136}
}

@book{christensen2008frames,
  title={Frames and bases: An introductory course},
  author={Christensen, Ole},
  year={2008},
  publisher={Springer Science \& Business Media}
}

@book{ovchinnikov2018functional,
  title={Functional analysis: an introductory course},
  author={Ovchinnikov, Sergei},
  year={2018},
  publisher={Springer}
}